<record><leader>00000cas a22000007a 4500</leader><controlfield tag="001">10983191</controlfield><controlfield tag="008">840725d18761893ohuwr ne      0    0eng d</controlfield><datafield ind1=" " ind2=" " tag="010"><subfield code="a">sn 84028388 </subfield></datafield><datafield ind1=" " ind2=" " tag="040"><subfield code="a">NPY</subfield><subfield code="b">eng</subfield><subfield code="c">NPY</subfield><subfield code="d">ONP</subfield><subfield code="d">NVK</subfield><subfield code="d">OCLCQ</subfield><subfield code="d">OCLCF</subfield><subfield code="d">OCLCO</subfield></datafield><datafield ind1=" " ind2=" " tag="042"><subfield code="a">msc</subfield></datafield><datafield ind1=" " ind2=" " tag="043"><subfield code="a">n-us-oh</subfield></datafield><datafield ind1="0" ind2=" " tag="130"><subfield code="a">Warren tribune (Warren, Ohio : 1876)</subfield></datafield><datafield ind1="1" ind2="4" tag="245"><subfield code="a">The Warren tribune.</subfield></datafield><datafield ind1="3" ind2="0" tag="246"><subfield code="a">Warren weekly tribune</subfield></datafield><datafield ind1="1" ind2="3" tag="246"><subfield code="a">Tribune</subfield></datafield><datafield ind1=" " ind2=" " tag="260"><subfield code="a">Warren, Ohio :</subfield><subfield code="b">W.S. Peterson,</subfield><subfield code="c">1876-1893.</subfield></datafield><datafield ind1=" " ind2=" " tag="300"><subfield code="a">v. :</subfield><subfield code="b">ill. ;</subfield><subfield code="c">55 cm.</subfield></datafield><datafield ind1=" " ind2=" " tag="310"><subfield code="a">Weekly</subfield></datafield><datafield ind1="0" ind2=" " tag="362"><subfield code="a">Aug. 3, 1876-v. 17, no. 886 (Aug. 18, 1893).</subfield></datafield><datafield ind1=" " ind2=" " tag="500"><subfield code="a">Published as: Warren weekly tribune, Dec. 8, 1885-Jan. 11, 1886.</subfield></datafield><datafield ind1=" " ind2="0" tag="651"><subfield code="a">Warren (Ohio)</subfield><subfield code="v">Newspapers.</subfield></datafield><datafield ind1=" " ind2="0" tag="651"><subfield code="a">Trumbull County (Ohio)</subfield><subfield code="v">Newspapers.</subfield></datafield><datafield ind1=" " ind2="7" tag="655"><subfield code="a">Newspapers.</subfield><subfield code="2">fast</subfield><subfield code="0">(OCoLC)fst01423814</subfield></datafield><datafield ind1=" " ind2="7" tag="651"><subfield code="a">Ohio</subfield><subfield code="z">Trumbull County.</subfield><subfield code="2">fast</subfield><subfield code="0">(OCoLC)fst01219877</subfield></datafield><datafield ind1=" " ind2="7" tag="651"><subfield code="a">Ohio</subfield><subfield code="z">Warren.</subfield><subfield code="2">fast</subfield><subfield code="0">(OCoLC)fst01213681</subfield></datafield><datafield ind1=" " ind2=" " tag="752"><subfield code="a">United States</subfield><subfield code="b">Ohio</subfield><subfield code="c">Trumbull</subfield><subfield code="d">Warren.</subfield></datafield><datafield ind1="0" ind2=" " tag="775"><subfield code="t">Warren daily tribune</subfield><subfield code="w">(DLC)sn 84028390</subfield></datafield><datafield ind1="0" ind2="0" tag="785"><subfield code="t">Warren weekly tribune</subfield><subfield code="w">(DLC)sn 84028389</subfield></datafield></record>